1990 3110
243 589 623 651 PRAEFATIO.

327 764 538 772 --.--,---.-

59 878 67 991 ’ᾗ
85 894 172 966 Bene
190 917 389 976 prospereque
404 905 500 956 ectum
519 897 672 972 opinamur
689 917 754 956 curn
772 900 835 958 Ho-

61 1001 120 1102 pio,
136 1001 217 1076 quod
231 1003 308 1057 hunc
323 999 400 1058 inter
416 998 526 1072 primos
541 1000 734 1059 Teuchnitius
749 1003 835 1060 novis

63 1102 114 1191 ptis
128 1100 267 1158 illustrari
280 1100 383 1171 voluit,
393 1099 506 1172 iisdem,
517 1099 623 1174 quibus
637 1119 731 1176 nuper
744 1103 834 1159 modo

63 1201 169 1284 temeti
178 1204 215 1260 eb
225 1219 260 1260 eo
272 1210 339 1259 erint
348 1198 489 1272 Catullus,
499 1199 643 1273 Tibullus,
653 1201 834 1278 Propertius,

64 1290 196 1385 iaedi-us,
208 1299 361 1360 Cornelius
368 1301 399 1359 N
400 1319 480 1377 epos,
491 1319 614 1376 quorum
628 1301 757 1360 omnium
770 1311 833 1360 tex·

63 1400 94 1475 h,
116 1404 193 1461 sicut
210 1413 277 1462 ante
296 1412 325 1461 et
342 1403 511 1475 Theocriti,
530 1399 699 1478 Sophoclis,
718 1405 833 1462 Aristo·

62 1490 149 1577 ienis,
162 1503 270 1576 Plauti,
281 1503 422 1576 Terentii,
433 1501 536 1576 Curtii,
551 1501 691 1577 Sallustii,
706 1505 745 1564 ed
759 1505 834 1580 opti·

62 1590 96 1662 'is
123 1605 259 1663 codicum
284 1605 425 1664 lectiones
451 1605 662 1679 doctorumque
689 1605 833 1664 editiones

77 1705 182 1764 erdoti
199 1705 344 1781 prodiere.
378 1705 466 1779 Quod
483 1706 560 1764 idem
579 1715 613 1765 ut
630 1714 660 1764 et
677 1705 708 1762 in
724 1707 832 1765 Flacco

75 1805 97 1861 ri
109 1814 219 1880 posset,
229 1825 406 1882 magnopere
421 1808 582 1882 optandum
592 1817 664 1880 eret,
675 1807 742 1866 ideo
753 1809 833 1882 quod

60 1906 112 1969 iae
134 1907 281 1979 recensio,
304 1907 342 1964 ud
361 1925 448 1980 quam
467 1907 591 1982 pristina
611 1907 702 1966 editio
725 1909 833 1966 exscri-

59 2008 84 2064 h
101 2005 205 2080 suerat,
223 2008 281 2066 ium
299 2016 411 2066 tentum
429 2027 489 2064 non
506 2011 543 2068 eb
562 2009 697 2066 omnibus
714 2019 832 2068 nostrae

59 2106 138 2166 ‘letis
152 2108 312 2167 editoribus
325 2109 483 2166 maximam
496 2119 609 2184 partem
624 2119 669 2168 est
681 2112 831 2186 abrogata.

61 2209 448 2284 *roumspicieutibueeutem
456 2211 542 2270 nobis
552 2211 589 2268 de
599 2210 737 2282 editione,
744 2231 831 2286 quom

59 2325 236 2384 ¹queremur,
256 2311 426 2386 neutiquam
444 2310 542 2370 stetim
560 2311 640 2370 eliud
658 2314 832 2388 suppetebat

56 2411 197 2485 templu,
220 2411 300 2485 quod
317 2412 380 2472 sine
402 2412 563 2474 mutatione
582 2412 614 2470 in
635 2412 712 2472 illius
732 2413 829 2471 locum

54 2510 227 2572 otuiseemus
241 2513 384 2585 sufficere,
394 2513 463 2570 ideo
479 2513 548 2586 quie
555 2513 706 2584 Horatius,
717 2521 782 2570 utut
798 2513 829 2570 in

64 2611 168 2670 ‘mibus
186 2613 293 2672 scholis
311 2613 503 2688 omnibusque
522 2614 670 2674 cathedris
688 2621 830 2688 perpetuo

53 2713 189 2788 eplicitue
205 2723 234 2773 et
247 2714 415 2786 illustratus
429 2722 474 2772 tot
486 2722 585 2770 temen
599 2723 628 2771 et
641 2714 775 2789 interprr'
