1990 3110
350 228 497 274 LIBER
532 233 554 276 1.

114 327 168 379 Nos
179 326 311 390 convivia,
323 344 370 382 nos
380 328 476 398 proelia
491 331 636 403 virginum,
702 393 705 400 ,

114 401 192 453 sectis
203 401 230 454 in
242 403 351 454 iuvenes
361 405 498 475 unguibus
511 407 621 473 acrium,

115 483 253 530 cantamus
264 477 350 540 vacui,
362 478 418 531 sive
427 479 493 549 quid
504 481 617 550 urimur,

153 567 205 605 non
217 559 318 623 praeter
326 551 433 606 solitum
442 553 522 609 leves.

308 837 332 892 0
365 839 393 892 Ι)
423 839 449 894 Ε
508 839 596 896 VII.

205 970 251 1012 nn
276 971 481 1015 nnnnrrun
506 971 691 1018 rnnncun.

374 1107 537 1119 —a-—m--fl-

107 1213 159 1248 Prae
169 1211 214 1248 aliis
224 1211 315 1248 omnibus
325 1212 406 1248 urbibus
416 1213 481 1250 Tibur
490 1228 531 1251 esse
540 1215 660 1253 laudandum
674 1218 742 1264 doce23
755 1219 818 1256 Plan-

71 1287 168 1323 cumque,
179 1274 221 1309 eius
231 1274 325 1316 incolam,
335 1274 433 1318 hortatur,
444 1283 472 1319 nt,
483 1277 597 1326 ubieunque
607 1279 640 1319 sit.
650 1280 698 1317 vino
708 1293 764 1318 curas
774 1284 820 1330 pcl-

69 1339 109 1381 lat,
121 1337 285 1386 quemadmodum
295 1339 374 1374 Teucer
382 1338 430 1375 olim
440 1339 518 1383 lecerit,
528 1341 592 1388 patria
600 1343 677 1389 pulsus.
691 1347 751 1382 Mar.
761 1347 819 1383 Vlll.

69 1441 239 1502 Laudabunt
249 1449 293 1503 alii
304 1450 400 1504 claram
410 1452 530 1516 Rhodon,
543 1461 587 1507 aut
596 1456 748 1530 Mitylenen,

111 1531 157 1577 aut
166 1524 298 1594 Epheson,
311 1526 454 1580 bimarisve
464 1527 582 1582 Corinthi
645 1533 649 1540 '

71 1599 186 1662 moenia,
199 1599 240 1652 vel
250 1601 349 1654 Baccho
359 1601 470 1666 Thebas,
486 1601 526 1655 vel
538 1601 658 1674 Apolline
667 1606 780 1678 Delphos

111 1675 239 1745 insignes,
251 1683 296 1728 aut
306 1675 428 1729 Thessala
438 1678 543 1747 Tempe.

71 1748 149 1811 Sunt,
162 1750 261 1820 quihus
272 1769 355 1803 mmm
365 1765 432 1822 opus
442 1759 489 1814 est,
505 1753 613 1807 intactae
624 1755 736 1811 Palladis
746 1775 817 1813 arces
861 1771 873 1812 5

110 1825 226 1878 carmine
236 1833 359 1895 perpetuo
369 1826 505 1890 celebrare,
520 1835 544 1880 et

70 1899 192 1968 undique
202 1900 347 1970 decerptam
359 1900 443 1954 frondi
454 1919 611 1972 praeponere
619 1905 727 1960 olivam.

110 1973 254 2038 PlurimuS,
268 1976 293 2028 in
306 1977 413 2029 lunonis
425 1977 558 2041 honorem,

71 2055 162 2118 aptum
173 2048 236 2101 dicit
245 2051 320 2120 equis
331 2050 414 2122 Argos
426 2049 546 2122 ditesque
555 2053 687 2126 Mycenas.

108 2124 149 2176 hle
160 2141 207 2178 nec
218 2131 268 2178 mm
283 2125 383 2194 patiens
393 2125 579 2191 Lacedaemon,

71 2215 118 2252 nec
128 2206 181 2251 tam
193 2200 309 2253 Larissae
319 2201 446 2270 percussit
456 2218 566 2272 campus
575 2203 688 2273 opimae,

107 2291 187 2344 quam
202 2273 296 2328 domus
307 2275 441 2330 Albuneae
454 2277 606 2341 resonantis,

70 2355 93 2400 et
103 2365 225 2419 praeceps
236 2349 303 2402 Anio
312 2367 341 2402 ac
351 2351 462 2404 Tiburni
473 2350 558 2416 lucus,
570 2359 594 2405 et
604 2350 655 2406 uda

107 2423 251 2478 mobilibus
261 2425 378 2494 pomaria
389 2426 464 2480 rivis.

70 2497 154 2551 Albus
164 2505 193 2551 ut
202 2499 314 2552 obscuro
324 2499 437 2572 deterget
447 2499 538 2554 nubila
548 2499 618 2554 coelo

105 2589 182 2643 saepe
192 2575 282 2637 Notae,
295 2591 380 2646 neque
390 2575 500 2644 parturit
510 2574 608 2629 imbres

69 2654 218 2718 perpetuos:
241 2648 279 2701 sic
288 2655 315 2702 tu
326 2650 430 2720 sapiens
442 2649 517 2702 finire
529 2657 659 2705 memento

105 2723 369 2798 tristitiamyitaeque
379 2723 479 2778 labores
