1990 3110
194 174 226 228 Μ
464 192 693 245 ODARUM'

228 299 308 352 quem
318 284 416 340 deum?
434 292 512 348 ouius
521 297 617 352 recinet
627 299 710 354 iocosa

304 377 400 416 nomen
411 364 498 441 imago

227 474 271 519 aut
282 468 308 520 iu
320 471 452 527 umbrosis
462 476 592 532 Helioom's
602 482 664 546 oris,

225 550 270 594 eut
279 561 359 612 super
370 547 460 610 Pindo,
472 551 592 622 gelidove
603 556 629 608 in
641 557 756 620 Haemo?

224 616 294 670 uude
305 619 419 674 vocalem
431 633 525 681 temere
538 629 694 701 insequutee

299 689 402 764 Orphea
412 697 503 766 silvae,

222 805 275 851 arte
284 810 400 857 materna
411 807 515 876 rapidos
528 820 672 868 morantem

222 871 364 929 fluminum
376 876 464 949 lapsus
474 883 622 958 celeresque
633 897 732 956 ventos,
802 959 805 964 .

210 946 347 1003 blandum
360 955 491 1010 etauruas
502 959 599 1014 fidibus
609 966 711 1018 ouuoris
761 1023 765 1039 f

212 1087 214 1090 Ι
296 1024 390 1080 ducere
400 1046 522 1100 quemue.

219 1129 288 1195 Quid
300 1134 373 1202 prius
384 1136 469 1192 dicam
481 1141 564 1195 solitis
573 1145 688 1200 Parentis

218 1203 350 1272 laudibu3‚
363 1212 410 1281 qui
422 1231 462 1268 res
473 1214 610 1272 hominum
625 1222 780 1284 acdeorum.

217 1281 263 1350 qui
276 1299 347 1335 mere
356 1302 386 1338 ao
396 1295 475 1342 terres
488 1293 620 1366 variisque
629 1297 761 1352 mundum

287 1365 418 1428 'temperat
430 1363 520 1420 horis?

215 1554 263 1590 neo
272 1540 343 1611 viget
352 1543 500 1616 quidquem
511 1549 598 1604 simile
608 1563 653 1606 eut
662 1557 807 1612 secundum

213 1610 350 1668 Proximo's
361 1616 399 1670 ini
412 1627 497 1676 tamen
509 1627 645 1697 oocupebit

287 1689 373 1744 Palles
384 1692 505 1752 honores.

210 1795 318 1850 Proeliis
329 1799 424 1864 audax,
437 1822 523 1876 neque
533 1816 557 1862 te
567 1809 657 1875 silebo,

209 1869 300 1934 Liber;
322 1882 347 1926 et
356 1878 441 1931 saevis
454 1879 558 1937 inimica
571 1885 645 1956 virgo

208 1942 317 2004 belluis:
341 1967 388 2004 uec
400 1959 431 2015 te,
444 1958 582 2012 metuende
591 1968 667 2024 certe,

284 2021 395 2089 Phoebe,
407 2030 511 2100 sagitta.

129 2162 133 2172 .
205 2123 294 2180 Dicam
305 2137 330 2182 et
340 2130 457 2200 Alciden,
471 2156 617 2212 puerosque
627 2143 720 2208 Ledae,

205 2198 277 2253 huuc
287 2206 371 2275 equis,
386 2208 594 2284 illumsuperere
604 2219 701 2290 pugnis

204 2275 334 2332 nobilem:
355 2299 470 2352 quorum
481 2289 561 2344 simul
573 2291 631 2346 alba
642 2293 729 2348 nautis

279 2353 352 2408 stella
362 2357 472 2426 refulsit,

201 2448 292 2504 defluit
301 2457 372 2510 saxis
383 2463 494 2531 agitatus
505 2465 614 2535 humor;

202 2526 342 2581 concidunt
352 2537 430 2598 venti,
444 2537 602 2615 fugruutque
613 2543 712 2598 nubes:

200 2604 225 2648 et
234 2599 325 2654 minax
335 2633 373 2645 -
382 2607 410 2661 di
419 2610 458 2662 sic
468 2612 572 2668 voluere
581 2647 619 2660 -···
627 2627 707 2688 ponto

275 2674 347 2730 unda
360 2684 497 2740 recumbit.

215 1457 654 1548 uudeuil'meiusgeneraturipso
