1990 3110
458 216 658 264 ODARUM

222 334 308 390 agree,
321 315 438 372 Attalicis
447 318 642 372 conditionibus

222 410 370 464 numquam
381 393 523 458 dimoveas,
536 401 565 447 ut
574 394 646 447 trabe
656 391 753 466 Cypria

221 467 354 540 Myrtoum
365 468 478 538 pavidus
489 477 567 522 nauta
578 475 645 522 secet
655 485 735 522 mare.

220 542 372 596 Luctantem
385 544 472 597 icariis
481 542 604 597 fluctibus
614 542 732 598 Africum

220 627 347 671 mercator
357 627 485 682 metuenS,
498 619 580 672 otium
591 627 616 670 et
625 617 715 688 oppidi

221 690 310 746 laudat
320 711 380 746 rura
390 693 446 745 sui:
468 711 530 746 mox
540 693 621 746 reficit
632 709 698 746 raoes

220 784 340 837 quassas,
353 767 474 821 indocilis
484 768 636 837 pauperiem
649 767 713 836 pati.

219 842 275 904 Est,
287 843 334 912 qui
345 859 392 896 nec
402 842 494 895 vetaris
505 841 597 911 pocula
608 841 713 895 Massici

221 933 268 968 nec
279 925 376 985 partem
387 915 471 969 solido
481 916 584 969 demere
594 916 626 969 de
635 916 678 969 die

220 991 327 1061 spernit,
340 1007 411 1043 nuuc
420 991 500 1044 viridi
511 991 628 1044 membra
638 991 689 1044 sub
699 989 791 1044 arbuto

220 1065 324 1124 stratus.
338 1083 409 1118 nunc
418 1065 450 1119 ad
461 1083 545 1136 aquae
556 1065 612 1119 lene
621 1073 699 1135 caput
708 1081 805 1119 sacrae.

219 1139 315 1193 Multos
325 1149 407 1193 castra
419 1140 519 1202 iuvant,
532 1148 556 1192 et
567 1139 631 1193 lituo
642 1140 720 1192 tubae

219 1215 366 1284 permixtus
377 1215 487 1278 sonitus,
501 1213 622 1285 bellaque
633 1214 761 1267 matribus

222 1289 354 1342 detestata
394 1290 480 1343 Manet
489 1289 540 1342 sub
550 1291 609 1342 love
622 1287 717 1361 frigido

220 1373 335 1427 venator,
349 1373 448 1417 tenerae
457 1363 578 1435 coniugis
589 1363 735 1426 immemor,

219 1456 265 1492 seu
277 1439 330 1492 visa
342 1447 380 1492 est
390 1438 482 1491 catulis
495 1455 570 1492 cerva
583 1438 713 1501 udetibus,

219 1531 266 1567 scu
277 1515 348 1583 rupit
357 1521 447 1566 teretes
457 1513 559 1566 Marsus
569 1530 630 1582 aper
640 1511 740 1584 plagas

219 1589 260 1642 Me
270 1588 404 1642 doctarum
417 1587 526 1642 hederae
535 1587 651 1659 praemia
661 1586 787 1640 ircntium

219 1662 262 1716 dis
272 1664 382 1716 miscent
386 1664 509 1740 superis,
532 1680 574 1716 me
583 1661 701 1735 gelidum
713 1677 806 1715 nemus

219 1723 458 1810 Nympharumque
468 1737 537 1791 leves
548 1754 607 1789 cum
618 1736 718 1808 Satyris
727 1735 799 1788 chori

206 1820 358 1866 secernunt
367 1812 473 1883 populo
490 1812 512 1864 si
524 1828 609 1882 neque
619 1811 696 1865 tibias

218 1887 451 1957 Euterpecohibet
464 1883 697 1959 nec'Poiybymnia

218 1962 351 2016 Lesboum
361 1960 458 2034 refugit
470 1945 577 2014 tendere
582 1961 712 2015 barbiton.

219 2035 318 2101 Quodsi
330 2053 372 2088 me
382 2035 472 2109 lyricis
483 2035 604 2091 vatibus
597 2036 700 2098 inseris,

219 2109 329 2165 sublimi
339 2109 431 2164 feriam
441 2110 526 2165 sidera
537 2110 640 2166 vertim-

451 2345 651 2362 m
