1990 3110
163 208 178 258 8
435 211 636 258 ODARUM

235 318 331 382 speret,
344 312 447 366 nescius
460 329 538 368 aurae

275 385 383 440 fallacis.
424 387 521 450 Miseri,
532 387 631 457 quihus

200 478 412 533 inoentetenitesl
434 477 573 531 Metebnle
592 495 663 532 saner

199 553 286 608 votiva
296 552 380 622 paries
392 552 489 605 indieel
498 553 578 605 uvida
617 567 619 572 ·

107 637 133 680 15
237 627 406 697 suspendisse
414 628 513 697 potenti

273 702 426 756 vestimentu
436 703 517 755 maris
526 702 583 755 den.

401 975 426 1030 0
457 975 487 1030 Ι)
517 975 543 1032 Ε
601 975 666 1032 vl.

254 1095 301 1136 nn
324 1094 356 1136 n.
379 1091 590 1136 v1rsnn1nn
613 1093 813 1138 eumenen.

194 1302 243 1339 Non
257 1314 288 1344 se,
303 1303 337 1338 sed
351 1302 433 1337 Verium
446 1307 523 1348 poetam
529 1327 536 1344 ,
549 1301 645 1350 aptiorem
654 1314 696 1338 ene
704 1303 730 1338 ed
738 1315 769 1338 res
778 1308 842 1349 gestu
858 1306 915 1342 Cte-

161 1364 354 1414 serisAgrippeeqne
364 1365 490 1410 scribendam
500 1377 520 1400 se
530 1365 593 1424 solnm
602 1365 627 1401 ad
636 1363 729 1402 convivi·
738 1372 757 1402 et
766 1378 843 1403 umores
854 1369 914 1406 cele-

160 1427 245 1464 brnndes
255 1427 329 1464 sactum
339 1441 387 1464 esee.
412 1430 474 1466 Metr.
483 1428 563 1464 XVIII.

200 1518 332 1581 Scriberis
342 1528 420 1584 Vario
429 1527 503 1582 sortis
512 1534 537 1580 et
547 1526 664 1580 hostium

199 1603 281 1656 victer
290 1603 401 1657 Maeonii
412 1602 537 1656 carminis
550 1601 617 1665 alite,

198 1695 279 1748 quam
290 1695 346 1730 rem
356 1694 471 1748 eumque
481 1676 553 1730 ferox
564 1675 678 1730 navibus
688 1683 733 1730 aut
742 1678 818 1748 equis

235 1751 311 1804 miles
321 1759 345 1805 te
354 1752 420 1805 duee
430 1751 548 1824 gesserit.

197 1846 259 1907 Nos,
272 1843 397 1916 Agrippa,
410 1861 495 1914 neque
504 1843 567 1896 haee
575 1842 670 1908 dieere,
683 1860 730 1896 nee
741 1859 852 1916 gravem

151 1983 155 1991 ⁸
198 1918 300 1972 Pelidae
310 1919 483 1982 stomachum,
495 1917 584 1971 eedere
593 1917 684 1980 nescii,

198 2011 245 2046 nee
254 1993 347 2046 erirsns
357 1993 470 2064 duplicis
480 2010 526 2064 per
535 2010 607 2046 mere
618 1991 711 2058 Ulixei,

235 2085 283 2121 nee
295 2085 399 2122 saevam
409 2067 511 2138 Pelopis
523 2065 632 2122 domum

197 2177 331 2223 conamur,
343 2166 433 2212 tennes
443 2159 568 2231 grandim
588 2158 652 2212 dnm
663 2158 748 2228 pudor

200 2235 366 2306 imbellisque
377 2234 448 2306 lyrae
458 2235 532 2288 Musa
542 2241 633 2304 potens
647 2240 715 2290 vent

198 2309 287 2362 leudes
297 2309 395 2381 egregii
406 2309 523 2364 Caesaris
533 2316 558 2362 el
568 2315 625 2362 luas

235 2384 313 2454 culpe
322 2383 436 2438 deterere
446 2384 556 2456 ingenl..

198 2475 264 2540 Quis
273 2476 381 2529 Martem
391 2475 479 2528 tuniea
488 2475 762 2531 leolumedemenlinn

198 2550 278 2621 digne
288 2548 436 2619 scripserit?
455 2556 499 2603 aut
509 2549 618 2619 pulvere
628 2551 718 2604 Troien
809 2542 811 2547 ’

121 2635 129 2646 “
199 2625 306 2694 nigrum
319 2623 471 2678 Merionen?
490 2631 591 2694 autope
602 2623 714 2678 Palladis

235 2698 355 2771 Tydiden
365 2697 471 2769 Superis
481 2697 591 2770 parem?
