1990 3110
360 259 508 314 LIBER
544 271 566 316 1.

272 413 591 519 cuu'nr.

105 559 155 603 Al)
179 561 316 618 Navata,
341 570 414 619 ΕΗΔ
438 575 666 628 VEHEBATUR
689 587 804 635 VIRGI-

163 652 248 696 ulus
271 657 446 706 ATHENas
470 665 746 722 PROFICISCENS.

371 779 542 798 *unu-

80 862 169 911 Virgilio
180 865 259 904 felicem
272 877 365 917 precatur
377 875 536 924 navigationem,
551 882 641 924 invectus
655 887 714 926 simul
728 891 749 928 iu
762 895 823 930 ruda-

68 957 73 964 ,
114 926 164 963 eiam
173 927 673 987 homiuum,mareadcoratibustr-uussilientiurn.
697 955 758 992 Merv.
768 959 792 994 V.

118 1015 167 1080 Sic
177 1033 201 1080 te
210 1027 271 1084 diva
280 1039 372 1102 potens
382 1035 472 1109 Cypri,

154 1101 192 1154 sic
201 1101 291 1160 iratres
301 1107 421 1175 Helenae,
434 1111 520 1170 lucida
530 1119 624 1188 sidera,

115 1183 308 1252 ventorumque
317 1192 389 1256 regat
398 1195 479 1256 pater,

152 1251 282 1308 obstrictis
292 1255 359 1322 aliis,
372 1271 471 1330 praeter
480 1267 586 1341 Iapyga,

114 1343 200 1390 navis,
212 1345 280 1400 quae
290 1333 337 1385 tibi
348 1335 476 1392 creditum

151 1400 230 1456 debes
240 1404 391 1478 Virgilium,
404 1411 503 1468 finibus
513 1415 604 1472 Atticis

112 1475 206 1530 reddas
216 1478 383 1549 ineolumem,
395 1503 495 1556 precer,

149 1558 174 1603 ct
182 1569 269 1608 serves
279 1557 382 1612 animae
391 1560 534 1618 dimidium
544 1584 625 1623 meae.
636 1603 672 1613 —

110 1623 151 1677 llli
163 1627 243 1681 robur
254 1637 279 1695 et
288 1649 331 1684 acs
341 1634 435 1704 triplex

146 1701 213 1768 circa
224 1712 386 1774 pectuscum,
400 1712 448 1781 qui
456 1711 575 1786 fragilem
587 1722 652 1773 truci
846 1741 871 1782 10

108 1777 239 1830 commisit
248 1779 342 1853 pelago
353 1791 434 1838 ratem

144 1851 258 1920 primus,
271 1873 319 1908 uec
328 1857 416 1913 timuit
426 1865 592 1934 praecipitem
603 1867 721 1926 Africum

106 1923 279 1981 decertantem
291 1931 477 2002 Aquilonibus

145 2005 192 2052 nec
200 2003 285 2057 tristes
296 2007 409 2078 Hyadas,
421 2029 469 2064 nec
478 2015 576 2068 rabiem
587 2019 659 2088 Neti3

105 2090 160 2144 quo
169 2093 221 2130 non
232 2079 327 2134 arbiter
337 2083 447 2138 Hadriae

142 2151 234 2216 maior,
247 2153 333 2209 tellcre
343 2175 389 2211 seu
398 2177 494 2229 ponere
505 2164 562 2218 vult
572 2165 644 2222 freta.

104 2221 189 2288 Quem
200 2229 291 2282 mortis
300 2231 387 2286 timuit
395 2235 517 2306 gradum,

140 2316 186 2370 qur
198 2300 274 2356 siccis
282 2305 365 2360 oculis
375 2319 490 2365 monstra
501 2317 624 2382 natantia,

68 2383 74 2398 ·
103 2373 151 2442 qui
161 2374 227 2429 vidit
236 2395 307 2433 mare
316 2382 453 2456 turgidum
463 2395 487 2440 et
592 2437 602 2458 ,

2 2437 16 2486 d
139 2447 250 2504 infames
259 2456 379 2524 scapulos
389 2458 595 2519 Acroceraunia?
645 2505 649 2510 -

102 2522 288 2596 Nequidquam
298 2529 364 2584 deus
376 2531 487 2590 abscidit

137 2599 254 2668 prudens
264 2602 365 2660 Oceano
375 2607 534 2666 dissociabili

98 2677 190 2738 terras,
201 2675 222 2727 si
237 2684 323 2733 tamen
332 2683 429 2753 impiae

120 2757 123 2762 '
138 2764 190 2802 nou
200 2753 331 2826 tangenda
344 2765 410 2812 rates
420 2761 572 2820 transiliunt
581 2766 657 2823 vada.
