1990 3110
225 154 239 192 Ι

357 259 506 306 LIBER
542 261 565 305 I.

79 360 197 426 brachie,
210 377 290 433 saepe
302 362 383 426 disco,

118 453 196 508 saepe
206 445 280 492 trans
291 436 371 492 finom
382 436 468 492 iaculo
478 436 575 492 nobilis
586 436 725 509 expedito?

81 511 233 581 ΜΨ),
249 515 405 567 utmarinae

119 586 437 643 filiumdieuntThetidis
446 589 497 642 sub
511 587 657 662 lacrymosa
667 589 759 644 Troiae
798 635 803 651 .
905 641 908 648 .

81 661 330 734 funerei-reviriiis
446 647 531 708 W
865 678 890 720 15

118 738 213 814 §litun
218 739 246 794 in
256 739 361 794 caedem
372 750 397 814 et
405 741 501 814 Lycios
510 741 654 812 proriperet
663 739 798 796 catervas?

322 1026 347 1082 0
377 1026 409 1080 D
437 1025 464 1080 E
523 1027 590 1082 IX.

248 1164 300 1206 nn
335 1161 666 1211 rnrnrnnonuro.

374 1301 541 1311 ...ι-

79 1415 158 1455 Hiemi·
166 1423 258 1464 tempore
267 1414 413 1452 Thaliarohum
422 1415 522 1462 hortatur,
537 1423 560 1454 ut
571 1417 622 1455 lnete
632 1417 685 1455 diem
693 1419 799 1468 transigat,
814 1425 833 1457 et

143 1492 224 1517 eoourus
234 1479 307 1523 futuri,
318 1479 455 1528 praeeuntibus
465 1479 523 1517 bonit
531 1479 618 1518 fruetur.
643 1485 705 1522 Metr.
715 1484 774 1522 XVI.

117 1589 216 1662 Vides,
228 1604 258 1652 ut
268 1596 319 1651 alta
329 1603 378 1651 stet
388 1597 450 1651 nive
459 1597 604 1653 candidum

117 1671 228 1737 Soracte,
242 1673 352 1727 neniam
363 1673 510 1728 sustineant
519 1691 587 1728 onus

154 1748 237 1804 silvae
247 1747 403 1814 laborantes
415 1749 531 1822 geluque

190 1823 303 1879 flumina
312 1825 474 1879 constiterint
485 1833 570 1880 acuto.

117 1915 236 1972 Dissolve
245 1915 340 1990 frigus,
353 1915 425 1990 ligna
436 1935 515 1988 snper
525 1917 581 1973 iooo

116 1993 188 2072 large
196 2009 334 2063 reponens,
347 2000 426 2063 atque
435 1993 579 2066 benignius

152 2069 276 2141 deprome
284 2067 457 2140 quadrimum
468 2068 575 2136 Sabina,

190 2142 381 2208 oThaliarohe,
394 2161 498 2198 merum
508 2145 588 2200 diota.

116 2237 238 2291 Permitte
248 2236 319 2290 divis
327 2243 424 2290 cetera:
446 2237 494 2308 qui
505 2237 586 2292 simul

115 2320 230 2367 stravere
240 2320 331 2366 ventos
342 2329 455 2384 aequore
464 2312 565 2368 fervido

151 2387 350 2460 deproeliantes,
363 2405 411 2442 neo
421 2391 538 2459 cupressi
556 2411 559 2416 ·

184 2481 238 2518 neo
248 2471 346 2518 veteres
356 2465 488 2537 agitantur
497 2465 565 2518 orni.

113 2555 183 2623 Quid
194 2556 229 2609 sit
237 2545 359 2610 futirum
369 2573 435 2620 oras
448 2555 510 2629 fuge
520 2575 644 2628 quaerere
654 2566 678 2612 et
705 2533 712 2556 Ι

22 2659 25 2668 ·
113 2649 195 2704 quem
205 2649 261 2686 sors
272 2633 376 2686 dierum
386 2649 501 2706 eumque
511 2631 593 2696 dabit,
607 2633 678 2688 lucro

150 2724 265 2780 appone3
287 2707 434 2784 neotiuloes
445 2725 546 2761 amores

187 2800 281 2856 sperne
290 2801 366 2857 puer,
378 2800 464 2856 neque
474 2791 503 2838 tu
517 2783 633 2850 choreas,
