1990 3110
176 214 206 268 l0
449 221 651 270 ocultum

175 319 258 386 molli,
271 321 373 386 Plance,
384 337 465 386 mero,
477 339 525 376 seu
534 330 559 376 te
569 323 696 396 fulgentia
708 325 794 397 siguis

120 407 146 449 20
213 404 295 450 castra
306 404 402 460 tenent,
414 414 461 451 eeu
472 396 553 452 densa
562 399 660 452 tenebit
796 459 798 474 Ι

175 471 282 525 Tiburis
292 472 387 525 umbra
398 472 446 526 tui.
486 473 591 536 Teucer,
604 473 735 528 Salamina
749 481 906 546 patremque

211 563 296 617 quum
306 544 415 618 fugeret,
427 554 513 600 tamen
524 547 576 601 uda
587 549 673 621 Lyaeo

174 628 289 690 tempora
299 619 411 691 populea
421 619 502 675 fertur
516 622 632 676 vinxisse
641 641 745 688 curcua,

211 696 250 748 sic
260 695 344 748 tristes
354 695 447 749 allatus
457 697 568 750 amicos:

119 779 144 822 25
174 769 232 835 Quo
241 787 289 824 nos
299 787 414 841 cumque
423 769 485 823 leret
494 770 586 824 melior
595 771 710 826 Fortuna
719 779 835 842 parente,

212 845 320 909 ibimus,
333 845 422 898 osocii
432 846 601 917 comitesque.

174 919 218 973 Nil
228 919 420 990 desperandum
430 920 529 975 Teucro
537 921 605 976 duce
613 929 638 974 et
650 921 755 991 auspice
765 922 878 976 Teucro:

210 995 376 1048 certuseuim
385 995 616 1067 promisitrlpollo,

173 1068 327 1140 ambiguam
337 1068 429 1123 tellure
439 1087 506 1124 nova
517 1069 649 1125 Salamina
660 1069 785 1125 futuram.

118 1151 144 1193 3⁰
210 1143 319 1199 Olcrtes
328 1145 469 1216 peioraque
477 1145 548 1215 passi

173 1234 276 1272 mecum
287 1235 363 1288 saepe
373 1219 432 1283 viri,
446 1236 517 1272 nunc
527 1221 589 1273 vinc
599 1217 686 1290 pellite
695 1237 784 1288 curas3

210 1309 266 1346 crue
277 1293 370 1366 ingens
381 1293 534 1348 iterabimus
544 1311 650 1366 aequor.

408 1549 525 1606 ODE
572 1549 683 1604 v111.

347 1669 417 1711 ab
470 1668 738 1711 crurum.

172 1874 346 1920 obtenturam,
356 1889 381 1912 ue
391 1875 582 1935 Sybarimiuveuem
595 1877 674 1924 penitus
688 1889 753 1914 umore
766 1889 801 1914 suc
815 1879 918 1928 perditum

456 1945 492 1976 cat.
517 1941 578 1978 Matr.
588 1941 624 1976 vl.

109 2055 113 2060 ·
169 2031 260 2112 Lydia
270 2038 321 2104 dic,
333 2056 379 2110 per
388 2056 479 2094 omnes

208 2123 232 2166 te
242 2113 303 2168 deos
313 2131 366 2179 erc,
379 2113 492 2188 Sybarin
502 2132 550 2168 cur
558 2131 681 2186 properes
691 2115 804 2169 amande

124 2212 129 2218 ·
169 2187 293 2260 perdere?
311 2205 358 2252 cur
368 2189 485 2258 apricum

206 2263 289 2337 oderit
298 2280 431 2334 campum,
445 2263 546 2334 patiens
556 2262 673 2334 pulveris
686 2270 764 2335 atque
774 2264 861 2319 Selis‘?
928 2333 930 2336 .

116 2350 127 2389 5
170 2337 450 2409 Curnequemiliteris

207 2413 274 2466 inter
282 2412 403 2484 aequales
416 2413 523 2483 equitat,
536 2411 634 2466 Gallica
645 2429 693 2466 nec
706 2412 802 2486 lupatis

170 2489 348 2557 temperatura
358 2483 456 2541 freuis‘?

145 2585 151 2597 t
206 2579 253 2615 cur
263 2562 336 2615 timet
347 2559 445 2616 ssavum
456 2561 571 2615 Tiberim
581 2561 704 2636 tangere?
722 2579 769 2618 cur
780 2563 884 2618 clivum

169 2637 298 2708 sanguine
308 2637 427 2705 viperino

83 2706 87 2715 '
115 2720 141 2761 1⁰
207 2712 308 2764 cautius
319 2709 400 2766 vitat?
419 2727 504 2782 neque
514 2711 567 2765 iam
578 2709 659 2766 livida
667 2717 750 2784 gestat
758 2714 840 2768 armis
