1990 3110
170 229 200 282 12
438 231 638 281 ODARUM

204 332 287 386 donec
295 332 390 386 virenti
401 334 507 388 canities
518 334 590 387 abest

106 453 109 458 .
205 423 317 463 morosa.
357 409 435 462 Nunc
443 417 468 463 et
477 426 586 480 campus
596 415 621 462 et
630 425 713 474 areae,

243 482 367 552 leuesque
377 484 428 536 sub
438 493 539 538 noctem
549 484 652 538 susurri

113 567 140 612 2⁰
279 559 421 628 composita
431 568 579 630 repetantur
588 558 662 623 hora,

206 666 278 702 nunc
289 657 314 701 et
324 646 425 702 lateatis
436 651 549 720 proditor
563 651 655 704 intimo

205 731 296 796 gratus
304 722 407 794 puellae
417 725 485 780 risus
495 725 529 778 ab
539 723 643 796 angulo,

242 799 394 871 pignusque
403 799 538 870 dereptum
549 799 659 864 lacertis,

280 882 325 927 aut
334 873 415 947 digito
426 874 493 928 male
500 874 636 946 pertinaci.

417 1132 444 1187 ’0
474 1131 504 1186 D
534 1129 560 1186 E
619 1131 662 1186 X.

300 1246 455 1290 irruatis
479 1244 525 1291 ao
551 1219 780 1292 usacuuruu.

170 1457 262 1494 Celebrrt
271 1469 315 1492 eum
325 1467 335 1490 u
344 1455 404 1492 variis
415 1454 461 1494 eius'
467 1455 583 1502 numinibus
592 1455 754 1505 muneribusque.
772 1458 835 1496 Metr-
845 1454 914 1494 xvll.

206 1546 336 1620 Mercuri,
349 1554 461 1610 facunde
470 1573 551 1628 nepos
560 1553 683 1620 Atlantis,

206 1631 253 1701 qui
263 1629 329 1684 feros
339 1630 426 1690 cultus
436 1630 575 1684 hominum
585 1637 719 1686 recentum

206 1722 269 1760 voco
278 1703 394 1759 formasti
405 1713 487 1770 catus,
500 1713 524 1760 ct
534 1705 640 1760 decorae

283 1797 354 1834 more
364 1779 518 1850 palaestrae:

206 1881 230 1927 te
239 1890 340 1937 canam,
352 1873 442 1945 magni
453 1872 521 1926 lovis
532 1878 557 1926 et
566 1871 675 1926 deorum

206 1949 344 2013 nuncium,
357 1965 505 2018 curvaeque
515 1947 586 2020 lyrae
598 1952 747 2018 parentem3

206 2023 341 2088 callidum,
353 2022 487 2094 quidquid
495 2021 602 2094 placuit,
615 2021 699 2076 iocoso

204 2107 206 2112 '
275 2095 392 2152 'condere
401 2097 480 2152 lurto.

206 2191 250 2254 Te,
262 2190 342 2244 boves
351 2189 415 2244 olim
426 2190 478 2244 nisi
488 2188 646 2244 reddidisses

142 2313 147 2326 ,
206 2283 252 2336 per
262 2265 353 2319 dolum
363 2272 470 2327 amotas,
483 2282 596 2334 puerum
605 2264 701 2318 minaci

206 2357 268 2395 voce
277 2339 342 2393 dum
353 2347 437 2403 terret,
452 2339 550 2395 viduus
560 2339 680 2410 pharetra

282 2415 339 2468 risit
351 2413 452 2485 Apollo.

205 2505 274 2570 Quin
286 2514 311 2559 et
320 2506 433 2570 Atridas,
446 2505 553 2569 docete,
566 2505 692 2576 superbos

206 2580 253 2634 Ilio
262 2580 335 2633 dives
346 2581 467 2634 Priamus
476 2580 563 2634 relicto

207 2653 396 2724 Thessalosque
406 2654 481 2724 ignes
490 2661 516 2708 et
526 2654 617 2725 iniqua
628 2653 718 2708 Troiae

283 2735 365 2782 castra
375 2726 475 2784 fefellit.
508 2766 509 2769 =
