1990 3110
187 242 202 291 6
457 246 658 294 ODARUM

132 358 156 416 25
223 344 318 400 Audax
328 346 416 400 omnia
429 347 528 418 perpeti

227 494 246 549 Α
260 421 451 549 {enslhumana
460 421 514 476 ruit
522 439 569 493 per
578 421 688 476 vetitum
698 419 777 474 nesae.

223 539 231 548 .
247 513 264 550 u
284 514 317 549 ax
339 514 353 548 a
388 503 405 548 ti
417 513 500 550 oenus

260 513 527 643 ignemlheaufiemala
537 571 661 642 gentibus
671 568 773 623 intulit:

222 653 282 716 post
291 646 380 717 ignem
391 646 502 699 aetheria
513 644 591 699 domo

260 720 430 784 subductum,
443 721 538 774 macies
551 727 575 774 et
585 736 653 774 nova
664 718 777 773 febrium

223 795 298 848 terris
309 795 430 848 incubuit
439 795 540 860 oohors‚

259 871 404 940 semotique
412 871 486 940 prius
496 869 569 923 tarda
578 869 718 923 neoessitas

222 941 266 997 leti
276 945 401 1014 oorripuit
409 945 532 1017 gradum.

259 1019 390 1089 Expertus
401 1037 515 1074 vacuum
526 1017 655 1073 Daedalus
667 1019 726 1072 aera

223 1094 318 1164 pennis
328 1111 380 1148 non
390 1094 493 1148 homini
503 1094 584 1148 datis:

259 1169 377 1239 perrupit
386 1168 530 1223 Acheronta
540 1167 683 1222 Herouleus
694 1165 777 1222 labor.

223 1241 267 1296 Nu
278 1243 432 1298 mortalibus
442 1244 555 1298 arduum
567 1250 616 1297 est.

260 1316 369 1372 Coeium
378 1319 467 1389 ipsum
477 1319 592 1390 petimus
601 1317 720 1382 stultitia,
734 1333 820 1388 neque

223 1409 270 1462 per
280 1399 398 1447 nostrum
409 1395 525 1465 patimur
537 1391 622 1448 eoelus

131 1474 157 1518 tu
262 1468 388 1524 iracunda
397 1470 486 1525 Iovem
494 1485 590 1540 ponere
602 1466 724 1524 fulmina.

422 1723 563 1780 ODE
622 1723 686 1780 lV.

294 1845 295 1848 ¹
359 1842 414 1884 nn
457 1843 485 1884 1„
527 1841 757 1885 suxerunt.

184 2050 283 2086 Hortatur
291 2046 384 2092 amicum,
393 2049 446 2086 varia
456 2050 550 2092 adventu,
561 2049 611 2085 laete
620 2055 643 2085 ut
651 2047 693 2084 vite
702 2046 789 2094 fruetur,
798 2055 868 2097 utpote
881 2061 929 2098 qune

404 2110 432 2148 rit
440 2110 564 2149 brevissima.
588 2113 649 2151 Mein.
658 2111 706 2148 XV.

186 2201 307 2264 Solvitur
317 2211 383 2264 aeris
392 2210 478 2265 hiems
488 2218 561 2284 grata
571 2211 628 2267 vioe
637 2212 706 2266 veris
716 2218 741 2266 et
749 2211 859 2277 Favoni,

221 2284 382 2357 trahuntque
391 2285 473 2340 siccas
483 2286 619 2340 machinae
628 2287 739 2351 carinas,

184 2377 214 2414 ao
224 2377 310 2430 neque
319 2359 372 2414 iam
382 2360 493 2434 §tabulis
502 2361 599 2433 gaudet
608 2379 701 2432 pecus,
714 2368 758 2415 aut
768 2368 852 2415 arator
861 2363 927 2434 igni,

222 2442 349 2504 necprata
358 2434 676 2506 oanisalbieantpruinis.

131 2522 142 2560 5
185 2511 239 2562 Iam
251 2509 377 2581 Cytherea
386 2509 478 2563 choros
486 2510 559 2564 ducit
568 2511 669 2575 Venus,
680 2510 834 2564 imminente
842 2513 927 2574 Luna,

221 2584 376 2654 iunctaeque
386 2585 519 2656 Nymphis
529 2584 632 2639 Gratiae
642 2585 759 2638 deoentes

185 2656 284 2711 alterno
292 2665 388 2710 terram
398 2659 520 2728 quatiunt
528 2658 602 2730 pede,
610 2659 675 2714 dum
684 2659 929 2733 graveeCyolopum

222 2731 357 2787 Vulcanus
366 2731 461 2787 ardens
470 2733 524 2788 urit
532 2732 660 2788 officinas.
