1990 3110
315 211 463 270 menn
499 225 521 270 1.

82 321 227 378 Romuiuin
237 322 448 394 posthosprius,
463 342 496 379 an
507 325 628 396 quietum

82 397 195 470 Pompili
206 415 319 471 regnum
330 417 482 464 memorem,
495 417 527 454 an
538 401 665 472 superbos

83 474 211 550 Tarquini
223 472 313 536 fasces,
325 473 427 540 dubito,
440 493 473 530 an
484 474 589 532 Cawnis
822 487 847 530 35

157 548 245 602 nobile
256 547 351 617 letum;

83 656 225 730 Regulum,
238 665 262 710 et
272 657 391 722 Scauros
404 675 560 730 animaeque
572 676 684 733 magnae

81 733 234 817 prodigum
236 724 356 785 Paullum
360 741 516 804 ,superante
527 735 621 799 Poene,

82 816 173 880 gratus
185 807 283 880 insigni
277 807 403 861 *ieiemm
413 807 537 874 Camena,
584 851 587 857 .

156 883 177 936 F
179 883 372 954 abmmumque.

81 992 166 1054 Hune,
179 997 204 1044 et
213 991 324 1044 intonsis
334 991 445 1046 Curium
458 991 560 1063 cupillis

80 1067 173 1120 utilem
183 1065 252 1119 bello
262 1065 329 1129 tuiit,
341 1073 366 1118 et
376 1065 520 1120 Camillum

81 1159 157 1196 sueva
170 1149 307 1212 paupertas
318 1149 342 1194 et
352 1141 439 1195 avitus
448 1150 508 1214 apio

154 1233 215 1270 eum
227 1214 279 1268 lare
289 1215 398 1270 fundus.

82 1323 186 1388 Crescit,
199 1323 301 1378 occuito
311 1323 383 1378 velut
393 1325 470 1378 arbor
479 1342 551 1390 aevo,

80 1397 148 1455 fama
159 1398 287 1454 Marcelli.-
309 1400 387 1453 micet
398 1400 463 1452 inter
473 1418 564 1454 omnes

81 1473 177 1528 lulium
189 1474 273 1536 siduS,
285 1474 357 1528 velut
366 1475 432 1528 inter
442 1475 517 1548 ignes

153 1548 351 1604 lunaminoreS.

81 1656 170 1711 Geniis
180 1657 312 1711 humanae
321 1666 391 1728 pater
401 1665 479 1729 atque
489 1664 586 1720 custeS,

80 1741 132 1785 orte
141 1732 261 1793 Saturno,
275 1733 321 1786 tibi
333 1750 395 1786 cum
406 1733 496 1805 magni

81 1805 196 1861 Caesaris
205 1806 265 1860 fatis
274 1807 346 1874 daia,
368 1807 523 1862 tusecundo

152 1882 261 1936 Caesare
270 1900 372 1954 regneS.

80 1988 124 2044 lile
134 2007 180 2044 seu
190 1990 298 2044 Parthos
309 1991 382 2044 Latio
392 1991 560 2046 imminentes

79 2067 156 2137 egerit
166 2066 235 2119 iusto
244 2065 356 2120 domitos
367 2067 509 2137 triumphe,

79 2141 132 2195 sive
142 2141 271 2195 subiectos
281 2139 394 2196 Orientis
404 2159 463 2196 orae

150 2215 226 2270 Seras
236 2223 260 2269 et
269 2215 360 2284 Indos,

79 2328 103 2373 te
111 2323 196 2377 minor
206 2322 289 2379 latum
299 2332 371 2398 reget
380 2343 480 2396 aequus
489 2325 593 2378 orbem:

15 2405 16 2410 ’
46 2401 106 2451 tu
115 2399 189 2469 gravi
200 2415 279 2454 curru
289 2400 391 2485 qunties
402 2399 562 2484 Olympum,

15 2483 19 2508 ν
81 2475 208 2542 inpurum
218 2475 295 2528 castis
305 2491 412 2530 mimice
422 2475 508 2528 mittes

148 2545 260 2604 fulmina
274 2549 350 2604 lueis.

328 2704 493 2722 Μ
