1990 3110
307 195 478 266 'L1nan
514 219 536 266 n

308 495 450 550 uDE
508 497 557 553 11.

175 613 222 654 nn
249 612 446 662 cassanen
470 592 684 658 nuebsrun.

93 825 257 864 Commemoratis
273 826 417 864 saturitatibus
435 833 480 876 port
498 825 585 864 Caesaris
604 832 686 864 mortem
703 824 807 869 insecutis,

57 889 111 925 bona
133 895 228 938 precatur
247 889 331 938 imperio
347 892 450 935 Romano,
472 903 509 940 per
527 891 640 938 Augustum
659 887 805 927 constituendo.

58 955 120 992 Metr.
132 953 203 990 xvn.
285 975 288 980 -

95 1049 156 1112 Iam
167 1059 229 1112 satis
239 1059 314 1114 terris
324 1058 394 1112 nivis
404 1065 482 1130 atque
491 1059 563 1114 dirae

95 1133 234 1206 grandinis
245 1134 317 1187 misit
327 1135 408 1198 Pater,
421 1142 445 1188 et
455 1135 558 1189 rubenti

97 1209 203 1262 dextera
213 1226 299 1262 sacras
310 1209 437 1264 iaculatus
450 1227 530 1274 arces,

172 1284 263 1337 terruit
274 1284 383 1352 Urbem3

97 1375 189 1428 terruit
197 1383 296 1447 gentes,
308 1393 430 1448 gravene
440 1375 535 1430 rediret

97 1449 216 1503 seculum
227 1450 351 1523 Pyrrhae,
364 1468 430 1504 nova
442 1459 556 1504 monstra
567 1457 674 1521 questas

96 1541 175 1578 omne
185 1542 270 1595 quum
281 1527 387 1579 Proteus
397 1542 477 1596 pecus
486 1526 540 1597 egit
548 1524 614 1579 altos

171 1599 256 1653 visere
270 1608 379 1664 montes,

96 1691 210 1761 piscium
220 1698 245 1744 et
255 1709 359 1744 summa
368 1707 453 1762 genus
463 1691 546 1744 haesit
555 1690 637 1749 ulmo.

97 1773 156 1818 nota
167 1782 235 1836 quae
245 1765 319 1819 sedes
329 1765 564 1836 fueratpaiumbis3

96 1849 121 1892 et
131 1839 275 1910 superiecto
286 1840 396 1910 pavidae
409 1847 532 1894 natarunt

172 1931 283 1985 aequore
295 1914 396 1968 damae.

95 2005 219 2059 Vidimus
229 2003 327 2060 ssavum
337 2006 462 2069 Tiberim,
475 2006 575 2058 retortis

96 2079 171 2134 litere
180 2080 289 2134 Etrusco
302 2079 427 2135 violenter
435 2080 524 2144 undis

96 2155 134 2208 ire
143 2155 272 2209 deiectum
282 2163 450 2208 monumenta
461 2155 530 2228 regis

172 2229 321 2300 templaque
333 2230 432 2293 Vestae,

97 2320 158 2374 iliae
167 2320 231 2374 dum
243 2338 271 2374 se
281 2321 395 2374 nimium
408 2325 527 2391 querenti

4 2429 11 2443 .
99 2396 172 2448 iactat
184 2395 303 2459 ultorem,
316 2413 401 2468 vagus
410 2403 434 2448 et
443 2395 549 2448 sinistra

97 2469 193 2524 labitur
203 2470 269 2540 ripa,
282 2471 343 2524 Iove
353 2487 406 2524 non
415 2471 550 2542 probante,
561 2485 595 2522 u-

171 2539 264 2599 xorius'
273 2542 369 2599 amnis.

97 2633 193 2690 Audiet
201 2637 273 2691 cives
282 2637 384 2691 acuisse
393 2634 502 2700 serrum,

68 2735 76 2742 ··
98 2727 151 2784 quo
160 2729 255 2786 graves
265 2713 357 2767 Persae
367 2711 462 2768 melius
470 2709 593 2781 perirent,

642 2800 694 2854 ΑΞ
