1990 3110
186 214 215 253 1v

190 310 219 358 et
234 299 378 358 editorum
395 319 450 375 ope
465 300 595 357 nondum
612 318 647 358 eo
663 301 806 358 adductus
822 309 874 373 est,
890 310 920 358 ut
930 259 960 408 wi

187 404 223 460 de
245 401 386 474 lectione,
413 403 462 459 vel
482 401 736 476 interpretatione)
761 403 811 459 vel
836 403 960 477 interpuu

186 503 283 560 ctione
301 521 361 559 non
378 501 532 558 innumera
548 521 642 576 paene
660 502 755 560 adhuc
774 502 864 561 dubia
881 506 946 560 obre

186 597 298 658 sentur,
322 605 397 659 quae
417 605 479 642 ¹non
501 605 572 644 sane
593 587 703 660 ubique
724 589 760 643 ah
783 587 892 644 criticis
908 473 961 692 beni

184 687 339 744 videantur
355 705 418 744 esse
434 689 537 744 soluta.
562 687 665 762 Itaque
681 687 728 744 hic
744 706 860 762 quoque
877 689 962 747 facient

186 788 254 846 dum
276 788 343 860 suit,
364 789 443 861 quod
465 788 572 862 ubique
592 789 624 844 -in
647 788 823 846 editionibus
845 791 960 864 plurimo

185 909 248 946 rum
270 889 342 949 usui¹
358 889 510 946 destinatis
532 889 776 946 consultissimum
798 890 926 962 videtur,

186 990 330 1047 delectum
356 989 573 1049 institueremus
599 990 773 1066 optimarum
803 991 942 1048 emendati

184 1111 254 1150 num
273 1093 309 1148 ab
328 1092 501 1166 coryphaeis
518 1092 549 1150 in
570 1094 627 1150 hoc
645 1111 753 1166 genere
776 1091 826 1164 qui
845 1094 895 1150 vel
916 1111 943 1147 an

184 1191 291 1251 fuerint
308 1194 355 1248 vel
378 1193 466 1250 hodie
485 1194 542 1252 dici
564 1201 697 1268 possent,
716 1193 927 1263 institutarum,

185 1293 221 1350 de
244 1293 317 1352 locis
343 1292 508 1367 praecipuis
535 1291 565 1348 in
592 1292 829 1352 adnotationibus
856 1294 941 1352 brevit

183 1393 325 1453 rationem
343 1393 540 1452 redderemus.

248 1492 384 1551 Ceterum
403 1472 516 1554 summe
534 1514 603 1554 cura
620 1504 650 1556 ct
666 1495 717 1562 hic
730 1495 932 1570 vigilavimus,·
942 1500 957 1569 rt

183 1603 281 1654 textus
297 1616 384 1670 quam
401 1596 555 1672 purissime
571 1597 787 1671 tersissimequc
804 1574 957 1655 exscriberd

183 1707 243 1768 tur,
272 1715 329 1770 quo
355 1698 448 1773 magis
474 1699 589 1754 interna
612 1717 728 1772 quoque
755 1698 822 1756 huic
846 1707 957 1774 typomu

184 1797 346 1872 elegantiae
364 1799 538 1874 omatuiqus
555 1800 774 1875 responderent
846 1859 849 1866 ⁴
954 1776 957 1813 Ι

243 1898 345 1972 Atque
364 1899 412 1970 ,ita
438 1900 587 1976 egregium
609 1899 780 1974 scriptorem
801 1901 879 1958 bene
901 1913 957 1964 curu

182 2007 244 2054 tum
266 1999 449 2074 nitidumque
470 2001 581 2058 recenti
603 2003 658 2058 hac
674 2001 804 2060 editione
821 2000 957 2060 lectoribus

183 2100 430 2172 commendamus,
443 2109 522 2158 certo
538 2102 650 2175 confisi,
666 2111 696 2160 et
709 2105 785 2160 hanc
800 2120 918 2177 quoque
929 2093 957 2154 ui

183 2201 221 2256 ad
241 2201 399 2260 lectionem
419 2204 468 2260 vel
488 2201 668 2262 intellectum
690 2203 797 2262 rectius
818 2203 956 2272 meliusqu

183 2301 417 2362 constituendum
435 2303 645 2377 aliquantulum
663 2305 811 2364 adtulisse.

246 2420 307 2480 Sor.
322 2421 403 2495 Lips.
418 2441 456 2479 m.
471 2422 557 2480 Mart.
572 2442 597 2480 a
612 2421 868 2482 MDCCGXLIII.

635 2595 637 2600 ·
694 2571 725 2634 c.
747 2569 792 2634 n.
820 2569 956 2691 nferre.¹
